<?xml version="1.0" encoding="UTF-8"?>
<record xmlns="http://www.loc.gov/MARC21/slim" xmlns:xsi="http://www.w3.org/2001/XMLSchema-instance" xsi:schemaLocation="http://www.loc.gov/MARC21/slim http://www.loc.gov/standards/marcxml/schema/MARC21slim.xsd">
<leader>     nam a2200253 a 4500</leader>
<controlfield tag="001">002049857</controlfield>
<controlfield tag="003">NNU</controlfield>
<controlfield tag="005">19940725150406.0</controlfield>
<controlfield tag="007">hduafa015baca</controlfield>
<controlfield tag="007">hdubfa015baba</controlfield>
<controlfield tag="007">hdubfa015baaa</controlfield>
<controlfield tag="008">930104s1889    su      a     000 0 ara d</controlfield>
<datafield tag="035" ind1="9" ind2=" ">
<subfield code="a">NYUb11002757</subfield>
</datafield>
<datafield tag="035" ind1=" " ind2=" ">
<subfield code="a">(CStRLIN)NYUG93-B127</subfield>
</datafield>
<datafield tag="035" ind1=" " ind2=" ">
<subfield code="a">GLIS010027572</subfield>
</datafield>
<datafield tag="040" ind1=" " ind2=" ">
<subfield code="a">NjP</subfield>
<subfield code="c">NjP</subfield>
</datafield>
<datafield tag="090" ind1=" " ind2=" ">
<subfield code="i">01/04/93 CT</subfield>
</datafield>
<datafield tag="100" ind1="1" ind2=" ">
<subfield code="a">Ibn Muqarrab, ʻAlī,</subfield>
<subfield code="d">1176 or 7-1231 or 2.</subfield>
</datafield>
<datafield tag="240" ind1="1" ind2="0">
<subfield code="a">Dīwān al-shāʻir al-labīb al-fāḍil al-bāriʻ al-adīb Abū ʻAbd Allāh Muḥammad ibn ʻAlī ibn al-Muqarrab ibn al-Manṣūr ibn Muqarrab ibn ʻAlī ibn ʻAbd Allāh ibn Muḥammad ibn Ibrāhīm ibn Muḥammad al-Qalyūnī al-Iḥsāʼī.</subfield>
</datafield>
<datafield tag="245" ind1="1" ind2="0">
<subfield code="a">Hādhā Dīwān al-shāʻir al-labīb al-fāḍil al-bāriʻ al-adīb Abū ʻAbd Allāh Muḥammad ibn ʻAlī ibn al-Muqarrab ibn al-Manṣūr ibn Muqarrab ibn ʻAlī ibn ʻAbd Allāh ibn Muḥammad ibn Ibrāhīm ibn Muḥammad al-Qalyūnī al-Iḥsāʼī.</subfield>
</datafield>
<datafield tag="260" ind1=" " ind2=" ">
<subfield code="a">[Mecca :</subfield>
<subfield code="b">s.n.,</subfield>
<subfield code="c">1307 [1889]]</subfield>
</datafield>
<datafield tag="300" ind1=" " ind2=" ">
<subfield code="a">120 p. ;</subfield>
<subfield code="c">29 cm.</subfield>
</datafield>
<datafield tag="OWN" ind1=" " ind2=" ">
<subfield code="a">GENERAL</subfield>
</datafield>
<datafield tag="950" ind1=" " ind2=" ">
<subfield code="l">BMAIN</subfield>
<subfield code="a">PJ7755.I192</subfield>
<subfield code="b">A17 1889</subfield>
<subfield code="i">01/04/93 C</subfield>
</datafield>
<datafield tag="955" ind1=" " ind2=" ">
<subfield code="l">BMAIN</subfield>
<subfield code="c">1</subfield>
<subfield code="r">016995352</subfield>
<subfield code="i">01/04/93 C</subfield>
</datafield>
<datafield tag="998" ind1=" " ind2=" ">
<subfield code="a">01/04/93</subfield>
<subfield code="t">c</subfield>
<subfield code="s">9114</subfield>
<subfield code="n">NNU</subfield>
<subfield code="w">NJPG92B42129</subfield>
<subfield code="d">01/04/93</subfield>
<subfield code="c">MG</subfield>
<subfield code="b">MG</subfield>
<subfield code="i">930104</subfield>
<subfield code="l">NYUG</subfield>
</datafield>
<datafield tag="AVA" ind1=" " ind2=" ">
<subfield code="a">NYU50</subfield>
<subfield code="b">BOBST</subfield>
<subfield code="c">Main Collection</subfield>
<subfield code="d">PJ7755.I192 A17 1889</subfield>
<subfield code="e">unavailable</subfield>
<subfield code="t">Unavailable</subfield>
<subfield code="f">1</subfield>
<subfield code="g">1</subfield>
<subfield code="h">N</subfield>
<subfield code="i">0</subfield>
<subfield code="j">MAIN</subfield>
</datafield>
</record>
